<?xml version="1.0" encoding="utf-8"?>
<record xmlns="http://www.loc.gov/MARC21/slim" xmlns:xsi="http://www.w3.org/2001/XMLSchema-instance" xsi:schemaLocation="http://www.loc.gov/MARC21/slim http://www.loc.gov/standards/marcxml/schema/MARC21slim.xsd">
	<leader>     nam a22     Mi 4500</leader>
	<controlfield tag="001">378908</controlfield>
	<controlfield tag="003">NjP</controlfield>
	<controlfield tag="006">m        d        </controlfield>
	<controlfield tag="007">cr cn |||m|||a</controlfield>
	<controlfield tag="008">210113q19401970sj ab   ob    000 0 ara d</controlfield>
	<datafield ind1=" " ind2=" " tag="040">
		<subfield code="a">ZYU</subfield>
		<subfield code="b">ara</subfield>
		<subfield code="e">rda</subfield>
		<subfield code="c">ZYU</subfield>
	</datafield>
	<datafield ind1=" " ind2=" " tag="043">
		<subfield code="a">f-sj---</subfield>
	</datafield>
	<datafield ind1="1" ind2=" " tag="100">
		<subfield code="a">Maḥmud, Ḥasah Sulaymān.</subfield>
	</datafield>
	<datafield ind1="1" ind2="0" tag="245">
		<subfield code="6">880-01</subfield>
		<subfield code="a">Tārīkh al-Sūdān fī al-uṣūr al-qadīmah /</subfield>
		<subfield code="c">taʼlīf Ḥasan Sulaymān Maḥmūd, Jalāl al-Jāwīsh.</subfield>
	</datafield>
	<datafield ind1=" " ind2=" " tag="260">
		<subfield code="a">[Khartoum?] :</subfield>
		<subfield code="b">[publisher not identified, 19--?]</subfield>
		<subfield code="e">(al-Kharṭūm :</subfield>
		<subfield code="f">Maṭābiʻ al-Zamān)</subfield>
	</datafield>
	<datafield ind1=" " ind2=" " tag="300">
		<subfield code="a">online resource (162 pages) :</subfield>
		<subfield code="b">illustrations, maps</subfield>
	</datafield>
	<datafield ind1=" " ind2=" " tag="336">
		<subfield code="a">text</subfield>
		<subfield code="2">rdacontent</subfield>
	</datafield>
	<datafield ind1=" " ind2=" " tag="337">
		<subfield code="a">computer</subfield>
		<subfield code="2">rdamedia</subfield>
	</datafield>
	<datafield ind1=" " ind2=" " tag="338">
		<subfield code="a">online resource</subfield>
		<subfield code="2">rdacarrier</subfield>
	</datafield>
	<datafield ind1=" " ind2=" " tag="500">
		<subfield code="a">Part of the Arabic Collections Online (ACO) project, contributed by Princeton University Libraries.</subfield>
	</datafield>
	<datafield ind1=" " ind2=" " tag="504">
		<subfield code="a">Includes bibliographical references.</subfield>
	</datafield>
	<datafield ind1=" " ind2=" " tag="533">
		<subfield code="a">Electronic reproduction.</subfield>
		<subfield code="b">New York, N.Y. :</subfield>
		<subfield code="c">New York University,</subfield>
		<subfield code="d">2021.</subfield>
		<subfield code="5">NNU</subfield>
	</datafield>
	<datafield ind1=" " ind2="0" tag="651">
		<subfield code="a">Sudan</subfield>
		<subfield code="x">History</subfield>
		<subfield code="y">To 1821.</subfield>
	</datafield>
	<datafield ind1=" " ind2="7" tag="651">
		<subfield code="a">Sudan.</subfield>
		<subfield code="2">fast</subfield>
		<subfield code="0">(OCoLC)fst01204591</subfield>
	</datafield>
	<datafield ind1=" " ind2="7" tag="648">
		<subfield code="a">To 1821</subfield>
		<subfield code="2">fast</subfield>
	</datafield>
	<datafield ind1=" " ind2="7" tag="655">
		<subfield code="a">History.</subfield>
		<subfield code="2">fast</subfield>
		<subfield code="0">(OCoLC)fst01411628</subfield>
	</datafield>
	<datafield ind1="1" ind2=" " tag="700">
		<subfield code="6">880-02</subfield>
		<subfield code="a">Jāwīsh, Jalāl.</subfield>
	</datafield>
	<datafield ind1="2" ind2=" " tag="710">
		<subfield code="a">Princeton University.</subfield>
		<subfield code="b">Library.</subfield>
	</datafield>
	<datafield ind1="0" ind2=" " tag="730">
		<subfield code="a">Arabic Collections Online.</subfield>
	</datafield>
	<datafield ind1="0" ind2="8" tag="776">
		<subfield code="i">Print version:</subfield>
		<subfield code="a">Maḥmud, Ḥasah Sulaymān.</subfield>
		<subfield code="t">Tārīkh al-Sūdān fī al-uṣūr al-qadīmah</subfield>
		<subfield code="w">(NjP)378908</subfield>
		<subfield code="w">(OCoLC)80777136</subfield>
	</datafield>
	<datafield ind1="4" ind2="0" tag="856">
		<subfield code="u">http://hdl.handle.net/2333.1/xksn0d4j</subfield>
	</datafield>
	<datafield ind1="1" ind2=" " tag="880">
		<subfield code="6">100-00</subfield>
		<subfield code="a">محمود، حسن سليمان.</subfield>
	</datafield>
	<datafield ind1="1" ind2="0" tag="880">
		<subfield code="6">245-01</subfield>
		<subfield code="a">تاريخ السودان في العصور القديمة /</subfield>
		<subfield code="c">تأليف حسن سليمان محمود ؛ جلا ل الجاويش.</subfield>
	</datafield>
	<datafield ind1=" " ind2=" " tag="880">
		<subfield code="6">260-00</subfield>
		<subfield code="a">[القاهرة] :</subfield>
		<subfield code="b">مكتبة مصر،</subfield>
		<subfield code="c">--١٩.</subfield>
	</datafield>
	<datafield ind1="1" ind2=" " tag="880">
		<subfield code="6">700-02</subfield>
		<subfield code="a">جاويش، جلال.</subfield>
	</datafield>
	<datafield ind1=" " ind2=" " tag="959">
		<subfield code="a">NNU</subfield>
		<subfield code="b">WEB</subfield>
		<subfield code="c">GENI</subfield>
		<subfield code="t">0</subfield>
		<subfield code="m">Electronic access</subfield>
		<subfield code="s">01</subfield>
	</datafield>
	<datafield ind1=" " ind2=" " tag="999">
		<subfield code="i">NjP_378908</subfield>
		<subfield code="o">(OCoLC)ocm80777136 </subfield>
		<subfield code="s">princeton_aco004072:</subfield>
		<subfield code="e">(ERROR-880)(ERROR-MISC)</subfield>
	</datafield>
</record>
